
@online{VIBLO,
  author = {zunokie},
  title = {Cách hoạt động của SHA-256},
  year = {2021},
  url = {https://viblo.asia/p/cach-hoat-dong-cua-sha-256-1VgZvJPmZAw}

}

% @article{halmos1982graduate,
%   title     = {Graduate Texts in Mathematics 84},
%   author    = {Halmos, FW Gehring PR},
%   year      = {1982},
%   publisher = {Springer}
% }
% @book{silverman2009arithmetic,
%   title     = {The arithmetic of elliptic curves},
%   author    = {Silverman, Joseph H},
%   volume    = {106},
%   year      = {2009},
%   publisher = {Springer}
% }

% @book{silverman1992rational,
%   title     = {Rational points on elliptic curves},
%   author    = {Silverman, Joseph H and Tate, John Torrence},
%   volume    = {9},
%   year      = {1992},
%   publisher = {Springer}
% }

% @article{schoof1985elliptic,
%   title   = {Elliptic curves over finite fields and the computation of square roots mod $p$},
%   author  = {Schoof, Ren{\'e}},
%   journal = {Mathematics of computation},
%   volume  = {44},
%   number  = {170},
%   pages   = {483--494},
%   year    = {1985}
% }

% @article{schoof1995counting,
%   title   = {Counting points on elliptic curves over finite fields},
%   author  = {Schoof, Ren{\'e}},
%   journal = {Journal de th{\'e}orie des nombres de Bordeaux},
%   volume  = {7},
%   number  = {1},
%   pages   = {219--254},
%   year    = {1995}
% }